<?xml version="1.0" encoding="UTF-8"?>
<record>
  <leader>00000nai a2200000#c 4500</leader>
  <controlfield tag="005">20230508114030.0</controlfield>
  <controlfield tag="007">cr||||||||||||</controlfield>
  <controlfield tag="008">041006c19839999gw u||d|o b|| 0||||1||| c</controlfield>
  <controlfield tag="003">DE-605</controlfield>
  <controlfield tag="001">990133067580206441</controlfield>
  <datafield tag="016" ind1="7" ind2=" ">
    <subfield code="a">2163340-X</subfield>
    <subfield code="2">DE-600</subfield>
  </datafield>
  <datafield tag="016" ind1="7" ind2=" ">
    <subfield code="a">026537966</subfield>
    <subfield code="2">DE-101</subfield>
  </datafield>
  <datafield tag="035" ind1=" " ind2=" ">
    <subfield code="a">(DE-599)ZDB2163340-X</subfield>
  </datafield>
  <datafield tag="035" ind1=" " ind2=" ">
    <subfield code="a">(OCoLC)1183389769</subfield>
  </datafield>
  <datafield tag="035" ind1=" " ind2=" ">
    <subfield code="a">(DE-600)2163340-X</subfield>
  </datafield>
  <datafield tag="035" ind1=" " ind2=" ">
    <subfield code="a">(DE-101)026537966</subfield>
  </datafield>
  <datafield tag="040" ind1=" " ind2=" ">
    <subfield code="a">0001</subfield>
    <subfield code="b">ger</subfield>
    <subfield code="c">DE-101</subfield>
    <subfield code="d">0021</subfield>
  </datafield>
  <datafield tag="044" ind1=" " ind2=" ">
    <subfield code="c">XA-DE</subfield>
  </datafield>
  <datafield tag="084" ind1=" " ind2=" ">
    <subfield code="a">Nordrhein-Westfalen</subfield>
    <subfield code="0">https://nwbib.de/spatial#N01</subfield>
    <subfield code="2">nwbib</subfield>
  </datafield>
  <datafield tag="084" ind1=" " ind2=" ">
    <subfield code="a">Bibliographien</subfield>
    <subfield code="0">https://nwbib.de/subjects#N101000</subfield>
    <subfield code="2">nwbib</subfield>
  </datafield>
  <datafield tag="084" ind1=" " ind2=" ">
    <subfield code="a">AD 57550</subfield>
    <subfield code="2">rvk</subfield>
  </datafield>
  <datafield tag="084" ind1=" " ind2=" ">
    <subfield code="a">010</subfield>
    <subfield code="a">914.3</subfield>
    <subfield code="a">943</subfield>
    <subfield code="q">DE-600</subfield>
    <subfield code="2">sdnb</subfield>
  </datafield>
  <datafield tag="245" ind1="0" ind2="0">
    <subfield code="a">Nordrhein-Westfälische Bibliographie</subfield>
    <subfield code="b">Regionale Literaturdokumentation ab Berichtsjahr  ...</subfield>
    <subfield code="c">HBZ</subfield>
  </datafield>
  <datafield tag="264" ind1="3" ind2="1">
    <subfield code="a">Köln</subfield>
    <subfield code="b">HBZ</subfield>
    <subfield code="c">1983-</subfield>
  </datafield>
  <datafield tag="300" ind1=" " ind2=" ">
    <subfield code="a">Online-Ressource</subfield>
  </datafield>
  <datafield tag="336" ind1=" " ind2=" ">
    <subfield code="b">txt</subfield>
  </datafield>
  <datafield tag="337" ind1=" " ind2=" ">
    <subfield code="b">c</subfield>
  </datafield>
  <datafield tag="338" ind1=" " ind2=" ">
    <subfield code="b">cr</subfield>
  </datafield>
  <datafield tag="362" ind1="0" ind2=" ">
    <subfield code="a">1983 -</subfield>
  </datafield>
  <datafield tag="363" ind1="0" ind2="1">
    <subfield code="8">1.1\x</subfield>
    <subfield code="i">1983</subfield>
  </datafield>
  <datafield tag="689" ind1="0" ind2="0">
    <subfield code="a">Nordrhein-Westfalen</subfield>
    <subfield code="D">g</subfield>
    <subfield code="0">(DE-588)4042570-8</subfield>
  </datafield>
  <datafield tag="689" ind1="0" ind2="1">
    <subfield code="a">Landeskunde</subfield>
    <subfield code="D">s</subfield>
    <subfield code="0">(DE-588)4073972-7</subfield>
  </datafield>
  <datafield tag="689" ind1="0" ind2="2">
    <subfield code="a">Regionalliteratur</subfield>
    <subfield code="D">s</subfield>
    <subfield code="0">(DE-588)4177428-0</subfield>
  </datafield>
  <datafield tag="689" ind1="0" ind2=" ">
    <subfield code="5">DE-600</subfield>
    <subfield code="5">DE-600</subfield>
  </datafield>
  <datafield tag="689" ind1="1" ind2="0">
    <subfield code="a">Nordrhein-Westfalen</subfield>
    <subfield code="D">g</subfield>
    <subfield code="0">(DE-588)4042570-8</subfield>
  </datafield>
  <datafield tag="689" ind1="1" ind2=" ">
    <subfield code="5">DE-600</subfield>
    <subfield code="5">DE-600</subfield>
  </datafield>
  <datafield tag="960" ind1="1" ind2=" ">
    <subfield code="n">NWBib-6</subfield>
  </datafield>
  <datafield tag="960" ind1="1" ind2=" ">
    <subfield code="z">lzZDB</subfield>
  </datafield>
  <datafield tag="856" ind1="4" ind2=" ">
    <subfield code="u">https://nwbib.de/</subfield>
    <subfield code="x">Agentur</subfield>
    <subfield code="z">kostenfrei</subfield>
  </datafield>
  <datafield tag="856" ind1="4" ind2=" ">
    <subfield code="u">http://dbis.uni-regensburg.de/frontdoor.php?titel_id=1815</subfield>
    <subfield code="x">DBIS</subfield>
  </datafield>
  <datafield tag="710" ind1="2" ind2=" ">
    <subfield code="a">Hochschulbibliothekszentrum des Landes Nordrhein-Westfalen (hbz)</subfield>
    <subfield code="0">(DE-588)2047974-8</subfield>
    <subfield code="4">isb</subfield>
  </datafield>
  <datafield tag="780" ind1="0" ind2="0">
    <subfield code="i">Fortsetzung von</subfield>
    <subfield code="t">Nordrhein-westfälische Bibliographie</subfield>
    <subfield code="d">Düsseldorf : Patmos, 1984-1999</subfield>
    <subfield code="n">Vorg. u. Druckausg.</subfield>
    <subfield code="x">0177-3283</subfield>
    <subfield code="w">(DE-600)629156-9</subfield>
  </datafield>
  <datafield tag="655" ind1=" " ind2="7">
    <subfield code="a">Bibliografie</subfield>
    <subfield code="0">(DE-588)4006432-3</subfield>
    <subfield code="2">gnd-content</subfield>
  </datafield>
  <datafield tag="655" ind1=" " ind2="7">
    <subfield code="a">Datenbank</subfield>
    <subfield code="0">(DE-588)4011119-2</subfield>
    <subfield code="2">gnd-content</subfield>
  </datafield>
  <datafield tag="MBD" ind1=" " ind2=" ">
    <subfield code="M">49HBZ_NETWORK</subfield>
    <subfield code="i">990133067580206441</subfield>
    <subfield code="n">HBZ Network</subfield>
  </datafield>
  <datafield tag="MNG" ind1=" " ind2=" ">
    <subfield code="c">System</subfield>
    <subfield code="f">ZDB</subfield>
    <subfield code="i">marc21</subfield>
    <subfield code="h">20230508114030.0</subfield>
    <subfield code="k">01</subfield>
    <subfield code="e">false</subfield>
    <subfield code="d">2023-05-29 16:43:55 Europe/Berlin</subfield>
    <subfield code="g">013306758-HBZ01</subfield>
    <subfield code="j">90</subfield>
    <subfield code="a">import</subfield>
    <subfield code="b">2021-04-06 03:11:36 Europe/Berlin</subfield>
  </datafield>
  <datafield tag="POR" ind1=" " ind2=" ">
    <subfield code="j">LIzenzfreie Zeitschriften</subfield>
    <subfield code="x">System</subfield>
    <subfield code="a">53804555180006441</subfield>
    <subfield code="M">49HBZ_NETWORK</subfield>
    <subfield code="p">61738769100006441</subfield>
    <subfield code="q">Lizenzfreie Zeitschriften - Lizenzfreie E-Ressourcen der ZDB (lzzdb)</subfield>
    <subfield code="c">static</subfield>
    <subfield code="B">Selektionskennzeichen: lzzdb
NZ Phase 1 – Wave 1: NZ-P2E</subfield>
    <subfield code="A">49HBZ_DUE</subfield>
    <subfield code="A">49HBZ_ULB</subfield>
    <subfield code="A">49HBZ_UDE</subfield>
    <subfield code="A">49HBZ_UBK</subfield>
    <subfield code="y">2022-12-27 16:51:40 Europe/Berlin</subfield>
    <subfield code="w">2022-12-27 16:51:38 Europe/Berlin</subfield>
    <subfield code="D">https://eu04.alma.exlibrisgroup.com/view/uresolver/49HBZ_NETWORK/openurl?u.ignore_date_coverage=true&amp;portfolio_pid=53804555180006441&amp;Force_direct=true</subfield>
    <subfield code="v">System</subfield>
    <subfield code="z">2022-12-27 15:51:38</subfield>
    <subfield code="i">false</subfield>
    <subfield code="S">62738769090006441</subfield>
    <subfield code="d">https://hbz-network.userservices.exlibrisgroup.com/view/uresolver/49HBZ_NETWORK/openurl?u.ignore_date_coverage=true&amp;rft.mms_id=990133067580206441</subfield>
    <subfield code="b">Available</subfield>
    <subfield code="f">JOURNAL</subfield>
    <subfield code="e">https://nwbib.de/</subfield>
    <subfield code="8">53804555180006441</subfield>
  </datafield>
</record>
